<?xml version="1.0" encoding="UTF-8" ?><marc:collection xmlns:marc="http://www.loc.gov/MARC21/slim" xmlns:xsi="http://www.w3.org/2001/XMLSchema-instance" xsi:schemaLocation="http://www.loc.gov/MARC21/slim http://www.loc.gov/standards/marcxml/schema/MARC21slim.xsd">
<marc:record><marc:leader>03187cam a2200625 c 4500</marc:leader>
<marc:controlfield tag="001">999920150833702201</marc:controlfield>
<marc:controlfield tag="005">20191008104618.0</marc:controlfield><marc:controlfield tag="007">ta</marc:controlfield><marc:controlfield tag="008">160822s2016    enkabd   b   |00| 0 eng|c</marc:controlfield><marc:datafield tag="015" ind1=" " ind2=" "><marc:subfield code="a">GBB6C9218</marc:subfield><marc:subfield code="2">bnb</marc:subfield></marc:datafield><marc:datafield tag="016" ind1="7" ind2=" "><marc:subfield code="a">018015626</marc:subfield><marc:subfield code="2">Uk</marc:subfield></marc:datafield><marc:datafield tag="020" ind1=" " ind2=" "><marc:subfield code="a">978-1-78491-417-2</marc:subfield><marc:subfield code="q">heftet</marc:subfield></marc:datafield><marc:datafield tag="035" ind1=" " ind2=" "><marc:subfield code="a">(WlAbNL)99678436702419</marc:subfield></marc:datafield><marc:datafield tag="035" ind1=" " ind2=" "><marc:subfield code="a">(OCoLC)956958804</marc:subfield></marc:datafield><marc:datafield tag="035" ind1=" " ind2=" "><marc:subfield code="a">(OCoLC)ocn956958804</marc:subfield></marc:datafield><marc:datafield tag="035" ind1=" " ind2=" "><marc:subfield code="a">(Uk)018015626</marc:subfield></marc:datafield><marc:datafield tag="040" ind1=" " ind2=" "><marc:subfield code="a">YDX</marc:subfield><marc:subfield code="c">YDX</marc:subfield><marc:subfield code="d">OCLCO</marc:subfield><marc:subfield code="d">WlAbNL</marc:subfield><marc:subfield code="e">rda</marc:subfield><marc:subfield code="b">nob</marc:subfield><marc:subfield code="d">NO-TrBIB</marc:subfield></marc:datafield><marc:datafield tag="042" ind1=" " ind2=" "><marc:subfield code="a">ukscp</marc:subfield></marc:datafield><marc:datafield tag="050" ind1=" " ind2="4"><marc:subfield code="a">GT3257</marc:subfield><marc:subfield code="b">.S56 2016</marc:subfield></marc:datafield><marc:datafield tag="080" ind1=" " ind2=" "><marc:subfield code="a">903(48)</marc:subfield></marc:datafield><marc:datafield tag="082" ind1="0" ind2="4"><marc:subfield code="a">393.2</marc:subfield><marc:subfield code="2">23</marc:subfield></marc:datafield><marc:datafield tag="083" ind1="0" ind2=" "><marc:subfield code="a">305.309368</marc:subfield><marc:subfield code="2">23 /nor</marc:subfield><marc:subfield code="q">NoOU</marc:subfield></marc:datafield><marc:datafield tag="100" ind1="1" ind2=" "><marc:subfield code="a">Skogstrand, Lisbeth</marc:subfield><marc:subfield code="d">1973-</marc:subfield><marc:subfield code="0">(NO-TrBIB)99018368</marc:subfield><marc:subfield code="4">aut</marc:subfield><marc:subfield code="1">http://viaf.org/viaf/110145970341832252710</marc:subfield><marc:subfield code="4">http://rdaregistry.info/Elements/w/object/P10061</marc:subfield></marc:datafield><marc:datafield tag="240" ind1=" " ind2=" "><marc:subfield code="a">Warriors and other men</marc:subfield><marc:subfield code="1">http://viaf.org/viaf/110145970341832252710/eksempeluri</marc:subfield></marc:datafield><marc:datafield tag="245" ind1="1" ind2="0"><marc:subfield code="a">Warriors and other men:</marc:subfield><marc:subfield code="b">notions of masculinity from the late Bronze Age to the early Iron Age in Scandinavia</marc:subfield><marc:subfield code="c">Lisbeth Skogstrand</marc:subfield></marc:datafield><marc:datafield tag="264" ind1=" " ind2="1"><marc:subfield code="a">Oxford</marc:subfield><marc:subfield code="b">Archaeopress Publishing Ltd</marc:subfield><marc:subfield code="c">[2016]</marc:subfield></marc:datafield><marc:datafield tag="300" ind1=" " ind2=" "><marc:subfield code="a">VI, 182 sider</marc:subfield><marc:subfield code="b">illustrasjoner, kart</marc:subfield><marc:subfield code="c">30 cm</marc:subfield></marc:datafield><marc:datafield tag="336" ind1=" " ind2=" "><marc:subfield code="a">text</marc:subfield><marc:subfield code="b">txt</marc:subfield><marc:subfield code="2">rdacontent</marc:subfield><marc:subfield code="0">http://rdaregistry.info/termList/RDAContentType/1020</marc:subfield></marc:datafield><marc:datafield tag="336" ind1=" " ind2=" "><marc:subfield code="a">still image</marc:subfield><marc:subfield code="b">sti</marc:subfield><marc:subfield code="2">rdacontent</marc:subfield><marc:subfield code="0">http://rdaregistry.info/termList/RDAContentType/1014</marc:subfield></marc:datafield><marc:datafield tag="336" ind1=" " ind2=" "><marc:subfield code="a">cartographic image</marc:subfield><marc:subfield code="b">cri</marc:subfield><marc:subfield code="2">rdacontent</marc:subfield><marc:subfield code="0">http://rdaregistry.info/termList/RDAContentType/1002</marc:subfield></marc:datafield><marc:datafield tag="337" ind1=" " ind2=" "><marc:subfield code="a">unmediated</marc:subfield><marc:subfield code="b">n</marc:subfield><marc:subfield code="2">rdamedia</marc:subfield><marc:subfield code="0">http://rdaregistry.info/termList/RDAMediaType/1007</marc:subfield></marc:datafield><marc:datafield tag="338" ind1=" " ind2=" "><marc:subfield code="a">volume</marc:subfield><marc:subfield code="b">nc</marc:subfield><marc:subfield code="2">rdacarrier</marc:subfield><marc:subfield code="0">http://rdaregistry.info/termList/RDACarrierType/1049</marc:subfield></marc:datafield><marc:datafield tag="490" ind1="1" ind2=" "><marc:subfield code="a">Archaeopress archaeology</marc:subfield></marc:datafield><marc:datafield tag="504" ind1=" " ind2=" "><marc:subfield code="a">Bibliografi: s. 132-154</marc:subfield></marc:datafield><marc:datafield tag="653" ind1=" " ind2=" "><marc:subfield code="a">arkeologi</marc:subfield><marc:subfield code="a">Skandinavia</marc:subfield><marc:subfield code="a">Norden</marc:subfield><marc:subfield code="a">jernalder</marc:subfield><marc:subfield code="a">bronsealder</marc:subfield><marc:subfield code="a">krigere</marc:subfield><marc:subfield code="a">menn</marc:subfield><marc:subfield code="a">maskulinitet</marc:subfield><marc:subfield code="a">kjønnsroller</marc:subfield><marc:subfield code="a">gravfunn</marc:subfield><marc:subfield code="a">gravskikker</marc:subfield><marc:subfield code="a">feministisk teori</marc:subfield></marc:datafield><marc:datafield tag="651" ind1=" " ind2="7"><marc:subfield code="a">Skandinavia</marc:subfield><marc:subfield code="2">humord</marc:subfield><marc:subfield code="0">(NO-TrBIB)HUME03681</marc:subfield></marc:datafield><marc:datafield tag="650" ind1=" " ind2="0"><marc:subfield code="a">Funeral rites and ceremonies</marc:subfield><marc:subfield code="z">Scandinavia</marc:subfield></marc:datafield><marc:datafield tag="650" ind1=" " ind2="0"><marc:subfield code="a">Men</marc:subfield><marc:subfield code="z">Scandinavia</marc:subfield><marc:subfield code="x">History</marc:subfield></marc:datafield><marc:datafield tag="650" ind1=" " ind2="0"><marc:subfield code="a">Masculinity</marc:subfield><marc:subfield code="z">Scandinavia</marc:subfield><marc:subfield code="x">History</marc:subfield></marc:datafield><marc:datafield tag="650" ind1=" " ind2="0"><marc:subfield code="a">Bronze age</marc:subfield><marc:subfield code="z">Scandinavia</marc:subfield><marc:subfield code="x">History</marc:subfield></marc:datafield><marc:datafield tag="650" ind1=" " ind2="0"><marc:subfield code="a">Iron age</marc:subfield><marc:subfield code="z">Scandinavia</marc:subfield><marc:subfield code="x">History</marc:subfield></marc:datafield><marc:datafield tag="650" ind1=" " ind2="7"><marc:subfield code="a">Bronsealder</marc:subfield><marc:subfield code="2">humord</marc:subfield><marc:subfield code="0">(NO-TrBIB)HUME10856</marc:subfield></marc:datafield><marc:datafield tag="650" ind1=" " ind2="7"><marc:subfield code="a">Jernalder</marc:subfield><marc:subfield code="2">humord</marc:subfield><marc:subfield code="0">(NO-TrBIB)HUME10857</marc:subfield></marc:datafield><marc:datafield tag="650" ind1=" " ind2="7"><marc:subfield code="a">Graver</marc:subfield><marc:subfield code="2">humord</marc:subfield><marc:subfield code="0">(NO-TrBIB)HUME00018</marc:subfield></marc:datafield><marc:datafield tag="650" ind1=" " ind2="7"><marc:subfield code="a">Gravskikker</marc:subfield><marc:subfield code="2">humord</marc:subfield><marc:subfield code="0">(NO-TrBIB)HUME04862</marc:subfield></marc:datafield><marc:datafield tag="650" ind1=" " ind2="7"><marc:subfield code="a">Gravfunn</marc:subfield><marc:subfield code="2">humord</marc:subfield><marc:subfield code="0">(NO-TrBIB)HUME00069</marc:subfield></marc:datafield><marc:datafield tag="650" ind1=" " ind2="7"><marc:subfield code="a">Maskulinitet</marc:subfield><marc:subfield code="2">humord</marc:subfield><marc:subfield code="0">(NO-TrBIB)HUME09305</marc:subfield></marc:datafield><marc:datafield tag="830" ind1=" " ind2="0"><marc:subfield code="a">Archaeopress archaeology</marc:subfield></marc:datafield><marc:datafield tag="856" ind1="4" ind2="2"><marc:subfield code="3">Forlagets beskrivelse (kort)</marc:subfield><marc:subfield code="u">https://contents.bibsys.no/content/9781784914172?type=DESCRIPTION_SHORT</marc:subfield></marc:datafield><marc:datafield tag="856" ind1="4" ind2="2"><marc:subfield code="3">Forlagets beskrivelse (lang)</marc:subfield><marc:subfield code="u">https://contents.bibsys.no/content/9781784914172?type=DESCRIPTION_LONG</marc:subfield></marc:datafield><marc:datafield tag="856" ind1="4" ind2="2"><marc:subfield code="3">Innholdsfortegnelse</marc:subfield><marc:subfield code="u">https://contents.bibsys.no/content/9781784914172?type=CONTENTS</marc:subfield></marc:datafield><marc:datafield tag="856" ind1="4" ind2="2"><marc:subfield code="3">Miniatyrbilde</marc:subfield><marc:subfield code="u">https://contents.bibsys.no/content/images/small/2/7/9781784914172.jpg</marc:subfield><marc:subfield code="q">image/jpeg</marc:subfield></marc:datafield><marc:datafield tag="856" ind1="4" ind2="2"><marc:subfield code="3">Omslagsbilde</marc:subfield><marc:subfield code="u">https://contents.bibsys.no/content/images/large/2/7/9781784914172.jpg</marc:subfield><marc:subfield code="q">image/jpeg</marc:subfield></marc:datafield><marc:datafield tag="852" ind1="0" ind2="1"><marc:subfield code="a">47BIBSYS_UBO</marc:subfield><marc:subfield code="6">999919860996502204</marc:subfield><marc:subfield code="9">P</marc:subfield></marc:datafield><marc:datafield tag="852" ind1="0" ind2="1"><marc:subfield code="a">47BIBSYS_UBIS</marc:subfield><marc:subfield code="6">999919934270802208</marc:subfield><marc:subfield code="9">P</marc:subfield></marc:datafield></marc:record>
</marc:collection>
